@article{katoch2021review,
  title={A review on genetic algorithm: past, present, and future},
  author={Katoch, Sourabh and Chauhan, Sumit Singh and Kumar, Vijay},
  journal={Multimedia Tools and Applications},
  volume={80},
  pages={8091--8126},
  year={2021},
  publisher={Springer}
}

@book{mitchell1998introduction,
  title={An introduction to genetic algorithms},
  author={Mitchell, Melanie},
  year={1998},
  publisher={MIT press}
}

@article{haldurai2016study,
  title={A study on genetic algorithm and its applications},
  author={Haldurai, Lingaraj and Madhubala, T and Rajalakshmi, R},
  journal={Int. J. Comput. Sci. Eng},
  volume={4},
  number={10},
  pages={139--143},
  year={2016}
}

@article{srinivas1994genetic,
  title={Genetic algorithms: A survey},
  author={Srinivas, Mandavilli and Patnaik, Lalit M},
  journal={computer},
  volume={27},
  number={6},
  pages={17--26},
  year={1994},
  publisher={IEEE}
}

@article{de1988learning,
  title={Learning with genetic algorithms: An overview},
  author={De Jong, Kenneth},
  journal={Machine learning},
  volume={3},
  pages={121--138},
  year={1988},
  publisher={Springer}
}

@article{liepins1989genetic,
  title={Genetic algorithms: Foundations and applications},
  author={Liepins, Gunar E and Hilliard, MR},
  journal={Annals of operations research},
  volume={21},
  number={1},
  pages={31--57},
  year={1989},
  publisher={Springer}
}

@INPROCEEDINGS{812529,
  author={Saitoh, F.},
  booktitle={IEEE SMC'99 Conference Proceedings. 1999 IEEE International Conference on Systems, Man, and Cybernetics (Cat. No.99CH37028)}, 
  title={Image contrast enhancement using genetic algorithm}, 
  year={1999},
  volume={4},
  number={},
  pages={899-904 vol.4},
  doi={10.1109/ICSMC.1999.812529}}

@INPROCEEDINGS{6557714,
  author={Toledo, Claudio F. M. and de Oliveira, Lucas and da Silva, Ricardo Dutra and Pedrini, Helio},
  booktitle={2013 IEEE Congress on Evolutionary Computation}, 
  title={Image denoising based on genetic algorithm}, 
  year={2013},
  volume={},
  number={},
  pages={1294-1301},
  doi={10.1109/CEC.2013.6557714}}
  
@article{bhandarkar1994edge,
  title={An edge detection technique using genetic algorithm-based optimization},
  author={Bhandarkar, Suchendra M and Zhang, Yiqing and Potter, Walter D},
  journal={Pattern Recognition},
  volume={27},
  number={9},
  pages={1159--1180},
  year={1994},
  publisher={Elsevier}
}